<?xml version="1.0" encoding="UTF-8"?><collection xmlns="http://www.loc.gov/MARC21/slim"><record><leader>00640nam--2200193-i-4500</leader><controlfield tag="001">000013216</controlfield><controlfield tag="002">20161230</controlfield><controlfield tag="005">20161230201030</controlfield><controlfield tag="008">060222s1000------------r-----000-0-eng-d</controlfield><datafield ind1=" " ind2=" " tag="040"><subfield code="a">IFIN-HH</subfield></datafield><datafield ind1=" " ind2=" " tag="080"><subfield code="a">512.55:530.145.6:531.19.517.986.22</subfield></datafield><datafield ind1="1" ind2=" " tag="100"><subfield code="a">Bratteli, Ola</subfield></datafield><datafield ind1="1" ind2="0" tag="245"><subfield code="a">Operator algebras and quantum statistical mechanics: 1: c* and w* -algebras symmetry groups decomposition of states</subfield><subfield code="c">Ola bratteli, derek w. robinson</subfield></datafield><datafield ind1=" " ind2=" " tag="260"><subfield code="a">New York</subfield><subfield code="b">Springer-verlag</subfield><subfield code="c">1979</subfield></datafield><datafield ind1=" " ind2=" " tag="300"><subfield code="a">IX + 500 P</subfield></datafield><datafield ind1=" " ind2=" " tag="490"><subfield code="a">Texts And Monographs In Physics</subfield></datafield><datafield ind1="1" ind2=" " tag="700"><subfield code="a">Robinson, Derek W</subfield></datafield><datafield ind1=" " ind2=" " tag="852"><subfield code="a">47889</subfield><subfield code="c">53</subfield></datafield><datafield ind1=" " ind2=" " tag="CAT"><subfield code="a">Sys</subfield><subfield code="c">20160114</subfield><subfield code="h">123333</subfield></datafield></record></collection>